@Book{delone_1985,
author={N.B. Delone and V.P. Krainov},
title={Atoms in Strong Light Fields},
publisher={Springer},
address={Heidelberg},
year={1985}
}

@Article{cooper1988_1,
  title = {Supersymmetry and the Dirac Equation},
  author = {F.\ Cooper and A.\ Khare and R. Musto and A.\ Wipf},
  journal = {Annals of Physics},
  volume = {187},
  pages = {1},
  year = {1988}
}

@book{latexcompanion,
    author    = "Michel Goossens and Frank Mittelbach and Alexander Samarin",
    title     = "The \LaTeX\ Companion",
    year      = "1993",
    publisher = "Addison-Wesley",
    address   = "Reading, Massachusetts"
}

