@article{Berry_1972,
doi = {10.1088/0034-4885/35/1/306},
url = {https://dx.doi.org/10.1088/0034-4885/35/1/306},
year = {1972},
month = {jan},
publisher = {},
volume = {35},
number = {1},
pages = {315},
author = {M V Berry and  K E Mount},
title = {Semiclassical approximations in wave mechanics},
journal = {Reports on Progress in Physics}
}

@article{Ward_1998, 
title={The solution of finite-difference equations}, 
volume={82}, 
DOI={10.2307/3620404}, 
number={494}, 
journal={The Mathematical Gazette}, 
author={Ward, A. J. B.}, 
year={1998}, 
pages={215â€“224}} 